01REMESSA01COBRANCA       0000008543628000145                               748SICREDI        20211007        0004514                                                                                                                                                                                                                                                                                 2.00000001
1AAA            AAA                            212000434      20211007 N B        00000000000000            0143        0611210000000001100         AN071021000000000000000000000000000000000000000000000000000000000000001000009520985980MARCOS BUENO MELLO                      RUA PAULO ROGERIO MARTINS CHAMMA, 12    00000000000 8420000000000                                                       000002
91748                                                                                                                                                                                                                                                                                                                                                                                                     000003
