01REMESSA01COBRANCA       0000008543628000145                               748SICREDI        20211007        0005834                                                                                                                                                                                                                                                                                 2.00000001
1AAA            AAA                            212000012      20211007 N B        00000000000000            011         0710210000000010000         AN071021000000000000000000000000000000000000000000000000000000000000001000009520985980MARCOS BUENO MELLO                      RUA PAULO ROGERIO MARTINS CHAMMA, 12    00000000000 8420000000000                                                       000002
91748                                                                                                                                                                                                                                                                                                                                                                                                     000003
