01REMESSA01COBRANCA       2198400227552X000000MICHEL BUENO                  001BANCODOBRASIL  1512210000000                      0001111                                                                                                                                                                                                                                                                  000001
702085436280001452198400227552X0001111                               111100000010000       0000000000     11011         01012200000001200000010000 01N151221070000000000000000000000000000000000000000000000000000000000000240826550000189AMORIM FRUTAS E VERDURAS LTDA           RUA JOSE NOGUEIRA, 80                   IMBIRIBEIRA 51170390RECIFE         PE                                        00 000002
9                                                                                                                                                                                                                                                                                                                                                                                                         000003
