01REMESSA01COBRANCA       2198400227552X000000MICHEL BUENO                  001BANCODOBRASIL  1512210000000                      0001111                                                                                                                                                                                                                                                                  000001
702085436280001452198400227552X0001111                               111100000020000       0000000000     11012         01012200000001200000010000 01N151221070000000000000000000000000000000000000000000000000000000000000215866623000119ADRIANA SPALATO BELLO BRAVO MEJIA       RUA CARLOS WEBER, 535                   VILA LEOPOLD05303000SAO PAULO      SP                                        00 000002
9                                                                                                                                                                                                                                                                                                                                                                                                         000003
