01REMESSA01COBRANCA       2198400227552X000000MARCOS BUENO                  001BANCODOBRASIL  0407210000000                      0001111                                                                                                                                                                                                                                                                  000001
702085436280001452198400227552X0001111                               111100000010000       0000000000     11011         07072100000000010000010000 01N040721070000000000000000000000000000000000000000000000000000000000000208543628000145MICHEL BUENO DE MELLO                   RUA PAULO ROGERIO MARTINS CHAMMA, 443   ARY FANCHIN 84200000JAGUARIAIVA    PR                                        00 000002
9                                                                                                                                                                                                                                                                                                                                                                                                         000003
